<?xml version="1.0" encoding="UTF-8"?><record xmlns="http://www.loc.gov/MARC21/slim" xmlns:cinclude="http://apache.org/cocoon/include/1.0" xmlns:zs="http://www.loc.gov/zing/srw/">
  <leader>00320cz  a2200121n  4500</leader>
  <controlfield tag="001">n  93019538 </controlfield>
  <controlfield tag="003">DLC</controlfield>
  <controlfield tag="005">19980615132608.1</controlfield>
  <controlfield tag="008">930302n| acannaab|          |n ana |||  </controlfield>
  <datafield tag="010" ind1=" " ind2=" ">
    <subfield code="a">n  93019538 </subfield>
    <subfield code="z">no 98061504 </subfield>
  </datafield>
  <datafield tag="040" ind1=" " ind2=" ">
    <subfield code="a">DLC</subfield>
    <subfield code="c">DLC</subfield>
    <subfield code="d">DLC</subfield>
  </datafield>
  <datafield tag="110" ind1="2" ind2="0">
    <subfield code="a">Brave Combo</subfield>
  </datafield>
  <datafield tag="670" ind1=" " ind2=" ">
    <subfield code="a">Its A night on earth [SR] p1990:</subfield>
    <subfield code="b">label (Bravo Combo)</subfield>
  </datafield>
</record>